@INPROCEEDINGS{6803187,
  author={Lee, SeokJu and Tewolde, Girma and Kwon, Jaerock},
  booktitle={2014 IEEE World Forum on Internet of Things (WF-IoT)}, 
  title={Design and implementation of vehicle tracking system using GPS/GSM/GPRS technology and smartphone application}, 
  year={2014},
  volume={},
  number={},
  pages={353-358},
  doi={10.1109/WF-IoT.2014.6803187}}

@article{iotmounika,
  title={IOT Based Vehicle Tracking and Monitoring System Using GPS and GSM},
  author={Mounika, A. and Chepuru, Anitha},
  journal={International Journal of Recent Technology and Engineering (IJRTE)},
  volume={8},
  number={2S111},
  pages={2399--2403},
  year={2019},
  publisher={Blue Eyes Intelligence Engineering & Sciences Publication}
}

@INPROCEEDINGS{6132526,
  author={Almomani, Iman M. and Alkhalil, Nour Y. and Ahmad, Enas M. and Jodeh, Rania M.},
  booktitle={2011 IEEE Jordan Conference on Applied Electrical Engineering and Computing Technologies (AEECT)}, 
  title={Ubiquitous GPS vehicle tracking and management system}, 
  year={2011},
  volume={},
  number={},
  pages={1-6},
  doi={10.1109/AEECT.2011.6132526}}

@article{article1,
author = {Ramadan, Montaser and Alkhedher, Mohammad and Alkheder, Sharaf},
year = {2012},
month = {01},
pages = {83-88},
title = {Intelligent Anti-Theft and Tracking System for Automobiles},
journal = {International Journal of Machine Learning and Computing},
doi = {10.7763/IJMLC.2012.V2.94}
}

@online{iotcorewebsite,
    author = "Google Cloud",
    title = "Cloud IoT Core overview",
    url  = "https://cloud.google.com/iot/docs/concepts/overview",
    addendum = "(accessed: 23.05.2021)",
    keywords = "iot"
}

@online{cloudfunctionwebsite,
    author = "Google Developers",
    title = "Cloud Functions | Google Developers",
    url  = "https://developers.google.com/learn/topics/functions",
    addendum = "(accessed: 23.05.2021)",
    keywords = "functions, api"
}

@INPROCEEDINGS{8456349,
  author={Pande, Neha and Somani, Aayushi and Prasad Samal, Siba and Kakkirala, Vasu},
  booktitle={2018 IEEE International Conference on Web Services (ICWS)}, 
  title={Enhanced Web Application and Browsing Performance through Service-Worker Infusion Framework}, 
  year={2018},
  volume={},
  number={},
  pages={195-202},
  doi={10.1109/ICWS.2018.00032}}


@book{BadanPusatStatistik2019,
abstract = {Publikasi Statistik Kriminal 2019 ini menyajikan gambaran umum mengenai tingkat dan perkembangan kriminalitas di Indonesia selama periode tahun 2016–2018. Informasi yang disajikan mencakup tiga pendekatan utama statistik kriminal, yakni pendekatan pelaku, korban, dan kewilayahan. Data yang disajikan diperoleh dari dua sumber utama statistik kriminal, yaitu (1) Data berbasis registrasi (administrative based data) yakni data kriminal yang dihimpun oleh Kepolisian Republik Indonesia (POLRI) dan (2) Data berbasis survei (survey based data) yakni data kriminal yang bersumber dari Survei Sosial Ekonomi Nasional (Susenas) dan Pendataan Potensi Desa (Podes) yang dihasilkan oleh Badan Pusat Statistik (BPS).Data registrasi Polri mencatat bahwa tingkat kejahatan (crime rate) selama periode tahun 2016-2018 mengalami penurunan. Tingkat resiko terkena tindak kejahatan setiap 100 ribu penduduk pada tahun 2015 sekitar 140, menjadi 129 pada tahun 2017, dan menurun menjadi 113 pada tahun 2018.Data Susenas yang menggambarkan persentase penduduk menjadi korban kejahatan di Indonesia selama periode tahun 2016–2018 juga memperlihatkan pola yang fluktuatif. Persentase penduduk korban kejahatan mengalami penurunan dari 1,22 persen pada tahun 2016 menjadi 1,08 persen pada tahun 2017, dan meningkat menjadi 1,11 persen pada 2018. Berdasarkan data Podes, selama tahun 2011-2018 jumlah desa/kelurahan yang menjadi ajang konflik massal cenderung meningkat, dari sekitar 2.500 desa pada tahun 2011 menjadi sekitar 2.700 desa/kelurahan pada tahun 2014, dan kembali meningkat menjadi sekitar 3.100 desa/kelurahan pada tahun 2018.},
author = {{BPS}},
file = {:C\:/Users/muhammadoginh/Downloads/Statistik Kriminal 2019.pdf:pdf},
pages = {97},
publisher = {Badan Pusat Statistik},
title = {{Statistik Kriminal 2019}},
url = {https://www.bps.go.id},
year = {2019}
}

@article{lu2014wireless,
  title={Wireless networks with RF energy harvesting: A contemporary survey},
  author={Lu, Xiao and Wang, Ping and Niyato, Dusit and Kim, Dong In and Han, Zhu},
  journal={IEEE Communications Surveys \& Tutorials},
  volume={17},
  number={2},
  pages={757--789},
  year={2014},
  publisher={IEEE}
}